@misc{ wiki:absoluteZero,
    author = "{Wikipedia contributors}",
    title = "Absolute zero --- {Wikipedia}{,} The Free Encyclopedia",
    year = "2019",
    url = "https://en.wikipedia.org/w/index.php?title=Absolute_zero&oldid=915916969",
    note = "[Online; accessed 15-September-2019]"
  }

  @misc{ mille:magnetic,
      author = "Millersville University",
      title = "Experiment of the Month --- Magnetic Fields varying as an Inverse Cube",
      url = "https://www.millersville.edu/physics/experiments/023/index.php",
      note = "[Online; accessed 1-December-2019]"
  }

  @misc{ wiki:halleffect,
    author = "{Wikipedia contributors}",
    title = "Hall effect --- {Wikipedia}{,} The Free Encyclopedia",
    year = "2019",
    url = "https://en.wikipedia.org/w/index.php?title=Hall_effect&oldid=927303276",
    note = "[Online; accessed 10-December-2019]"
  }

  @misc{ wiki:sensor,
      author = "{Wikipedia contributors}",
      title = "Hall effect sensor --- {Wikipedia}{,} The Free Encyclopedia",
      year = "2019",
      url = "https://en.wikipedia.org/w/index.php?title=Hall_effect_sensor&oldid=928726930",
      note = "[Online; accessed 10-December-2019]"
    }

  @misc{ wiki:biotsavart,
    author = "{Wikipedia contributors}",
    title = "Helmholtz coil --- {Wikipedia}{,} The Free Encyclopedia",
    year = "2020",
    url = "https://en.wikipedia.org/w/index.php?title=Helmholtz_coil&oldid=935356598",
    note = "[Online; accessed 27-January-2020]"
  }

  @misc{ wiki:faraday,
      author = "{Wikipedia contributors}",
      title = "Faraday's law of induction --- {Wikipedia}{,} The Free Encyclopedia",
      year = "2020",
      url = "https://en.wikipedia.org/w/index.php?title=Faraday%27s_law_of_induction&oldid=936082606",
      note = "[Online; accessed 27-January-2020]"
    }

  @misc{ wiki:gauss,
    author = "{Wikipedia contributors}",
    title = "Gauss's law --- {Wikipedia}{,} The Free Encyclopedia",
    year = "2019",
    url = "https://en.wikipedia.org/w/index.php?title=Gauss%27s_law&oldid=929605167",
    note = "[Online; accessed 27-January-2020]"
  }